@misc{GCC,
  key = {GCC},
  title = {Other Built-in Functions Provided by GCC},
  howpublished = {\url{https://gcc.gnu.org/onlinedocs/gcc/Other-Builtins.html}},
  year = "2017 (accessed 2017-12-03)"
}
@misc{Clang,
  key = {Clang},
  title = {Attributes in Clang -- Clang 6 documentation},
  howpublished = {\url{https://clang.llvm.org/docs/AttributeReference.html}},
  year = "2017 (accessed 2017-12-03)"
}
@misc{ICC,
  key = {ICC},
  title = {Data Alignment to Assist Vectorization},
  howpublished = {\url{https://software.intel.com/en-us/articles/data-alignment-to-assist-vectorization}},
  year = "2015 (accessed 2017-12-03)"
}
@misc{Smith2017,
  key = {Smith2017},
  author = {Richard Smith},
  title = {{Working Draft, Standard for Programming Language C++}},
  howpublished = {\url{https://github.com/cplusplus/draft}},
  year = "2017 (accessed 2017-12-07)"
}
@misc{P0147R0,
  key = {P0147R0},
  author = {G. Dos Reis and J.~D. Garcia and J. Lakos and A. Meredith and N. Myers and B. Stroustrup},
  title = {{A Contract Design}},
  howpublished = {\url{http://www.open-std.org/jtc1/sc22/wg21/docs/papers/2016/p0380r1.pdf}},
  year = "2016 (accessed 2018-01-11)"
}
@misc{P0542R2,
  key = {P0542R2},
  author = {G. Dos Reis and J.~D. Garcia and J. Lakos and A. Meredith and N. Myers and B. Stroustrup},
  title = {{Support for contract based programming in C++}},
  howpublished = {\url{http://www.open-std.org/jtc1/sc22/wg21/docs/papers/2017/p0542r2.html}},
  year = "2017 (accessed 2018-01-11)"
}
@misc{P0542R5,
  key = {P0542R5},
  author = {G. Dos Reis and J.~D. Garcia and J. Lakos and A. Meredith and N. Myers and B. Stroustrup},
  title = {{Support for contract based programming in C++}},
  howpublished = {\url{http://www.open-std.org/jtc1/sc22/wg21/docs/papers/2018/p0542r5.html}},
  year = "2018-06-08"
}
@misc{OpenMP,
  key = {OpenMP},
  title = {{User and Reference Guide for the Intel C++ Compiler 15.0: omp simd}},
  howpublished = {\url{https://software.intel.com/en-us/node/524530}},
  year = "2018 (accessed 2018-01-11)"
}
@misc{Fortran,
  key = {OpenMP},
  title = {{Intel Fortran Compiler 17.0 Developer and Reference Guide: ASSUME_ALIGNED}},
  howpublished = {\url{https://software.intel.com/en-us/node/679017}},
  year = "2018 (accessed 2018-01-11)"
}


@misc{Brown2014,
  key = {Brown2014},
  author = {Walter E. Brown},
  title = {{Modern Template Metaprogramming: A Compendium}},
  howpublished = {\url{https://www.youtube.com/watch?v=Am2is2QCvxY}},
  year = "2014 (accessed 2018-03-18)"
}
@misc{Smith2018,
  key = {Smith2018},
  author = {Richard Smith},
  title = {{Working Draft, Standard for Programming Language C++}},
  howpublished = {\url{https://github.com/cplusplus/draft}},
  year = "2018 (accessed 2018-03-18)"
}
@misc{JuceScopedPointer,
  key = {JuceScopedPointer},
  author = {JUCE API Reference},
  title = {{Class ScopedPointer}},
  howpublished = {\url{https://juce.com/doc/classScopedPointer}},
  year = "2017 (accessed 2018-03-18)"
}
@misc{N3766,
  key = {N3766},
  author = {Jeffrey Yasskin},
  number = {N3766},
  title = {{The identity type transformation}},
  howpublished = {\url{https://wg21.link/n3766}},
  year = "2013 (accessed 2018-03-18)"
}
@misc{P0091,
  key = {P0091},
  author = {Mike Spertus and Faisal Vali and Richard Smith},
  number = {P0091},
  title = {{Template argument deduction for class templates (Rev. 7): Deleted deduction guides}},
  howpublished = {\url{https://wg21.link/p0091}},
  year = "2017 (accessed 2018-03-18)"
}
@misc{P0949,
  key = {P0949},
  author = {Peter Dimov},
  number = {P0949},
  title = {{Adding support for type-based metaprogramming to the standard library}},
  howpublished = {\url{https://wg21.link/p0949}},
  year = "2018 (accessed 2018-03-18)"
}
@misc{N1856,
  key = {N1856},
  author = {Howard E. Hinnant},
  number = {N1856},
  title = {{Rvalue Reference Recommendations for Chapter 20}},
  howpublished = {\url{https://wg21.link/n1856}},
  year = "2005 (accessed 2018-03-18)"
}
@misc{N2284,
  key = {N2284},
  author = {Pete Becker},
  number = {N2284},
  title = {{Working Draft, Standard for Programming Language C++}},
  howpublished = {\url{https://wg21.link/n2284}},
  year = "2007 (accessed 2018-03-18)"
}
@misc{N4917,
  key = {N4917},
  author = {Thomas K\" oppe},
  number = {N4917},
  title = {{Working Draft, Standard for Programming Language C++}},
  howpublished = {\url{https://www.open-std.org/jtc1/sc22/wg21/docs/papers/2022/n4917.pdf}},
  year = "2022-09-05"
}
@misc{N4685,
  key = {N4685},
  author = {Eric Niebler},
  number = {N4685},
  title = {{Working Draft, C++ Extensions for Ranges}},
  howpublished = {\url{https://wg21.link/n4685}},
  year = "2017 (accessed 2018-03-18)"
}
@misc{700,
  key = {700},
  author = {P.J. Plauger},
  title = {{Defect Report 700. N1856 defines struct identity}},
  howpublished = {\url{http://cplusplus.github.io/LWG/lwg-defects.html#700}},
  year = "2007 (accessed 2018-03-18)"
}
@misc{823,
  key = {Defect823},
  author = {Walter E. Brown},
  title = {{Defect Report 823. identity<void> seems broken}},
  howpublished = {\url{http://cplusplus.github.io/LWG/lwg-defects.html#823}},
  year = "2008 (accessed 2018-03-18)"
}
@misc{939,
  key = {Defect939},
  author = {Alisdair Meredith},
  title = {{Defect Report 939. Problem with std::identity and reference-to-temporaries}},
  howpublished = {\url{http://cplusplus.github.io/LWG/lwg-defects.html#939}},
  year = "2008 (accessed 2018-03-18)"
}
@misc{Boost.MPL,
  key = {Boost.MPL},
  author = {Boost},
  title = {{MPL Documentation}},
  howpublished = {\url{http://www.boost.org/doc/libs/1_48_0/libs/mpl/doc/refmanual/identity.html}},
  year = "2009 (accessed 2018-03-18)"
}
@misc{Boost.Hana,
  key = {Boost.Hana},
  author = {Boost},
  title = {{Hana Documentation}},
  howpublished = {\url{http://www.boost.org/doc/libs/1_63_0/libs/hana/doc/html/structboost_1_1hana_1_1type.html}},
  year = "2007 (accessed 2018-03-18)"
}
@misc{Boost.TypeTraits,
  key = {Boost.TypeTraits},
  author = {Boost},
  title = {{Type Traits Documentation}},
  howpublished = {\url{http://www.boost.org/doc/libs/1_66_0/libs/type_traits/doc/html/index.html}},
  year = "2011 (accessed 2018-03-18)"
}
@misc{Boost,
  key = {Boost},
  author = {Boost},
  title = {{Type Documentation}},
  howpublished = {\url{http://www.boost.org/doc/libs/1_66_0/boost/type.hpp}},
  year = "2001 (accessed 2018-03-18)"
}
@misc{Meta,
  key = {Meta},
  author = {Eric Niebler},
  title = {{Meta: A tiny metaprogramming library}},
  howpublished = {\url{https://github.com/ericniebler/meta}},
  year = "2017 (accessed 2018-03-18)"
}
@misc{Brigand,
  key = {Brigand},
  author = {Edouard Alligand},
  title = {{Brigand Meta-programming library}},
  howpublished = {\url{https://github.com/edouarda/brigand}},
  year = "2017 (accessed 2018-03-18)"
}
@misc{Erasure,
  key = {Erasure},
  author = {Ga{\v s}per A{\v z}man},
  title = {{liberasure: A no-dependencies C++ extensible type erasure library}},
  howpublished = {\url{https://github.com/atomgalaxy/liberasure/}},
  year = "2017 (accessed 2018-03-18)"
}
@misc{Mp11,
  key = {Mp11},
  author = {Peter Dimov},
  title = {{Mp11, a C++11 metaprogramming library}},
  howpublished = {\url{https://github.com/boostorg/mp11}},
  year = "2018 (accessed 2018-03-18)"
}

@misc{P0886R0,
  key = {P0886R0},
  author = {Timur Doumler},
  title = {{The assume aligned attribute}},
  howpublished = {\url{http://www.open-std.org/jtc1/sc22/wg21/docs/papers/2018/p0886r0.pdf}},
  year = "2018-02-12"
}
@misc{P0960,
  key = {P0960},
  author = {Ville Voutilainen},
  title = {{Allow initializing aggregates from a parenthesized list of values}},
  howpublished = {\url{http://www.open-std.org/jtc1/sc22/wg21/docs/papers/2018/p0960r0.html}},
  year = "2018 (accessed 2018-06-08)"
}
@misc{P0017,
  key = {P0017},
  author = {Oleg Smolsky},
  title = {{Extension to aggregate initialization}},
  howpublished = {\url{http://www.open-std.org/jtc1/sc22/wg21/docs/papers/2015/p0017r1.html}},
  year = "2015 (accessed 2018-06-08)"
}
@misc{P0398,
  key = {P0398},
  author = {Jens Maurer},
  title = {{Core issue 1518: Explicit default constructors and copy-list-initialization}},
  howpublished = {\url{http://www.open-std.org/jtc1/sc22/wg21/docs/papers/2016/p0398r0.html}},
  year = "2016 (accessed 2018-06-08)"
}
@misc{N3653,
  key = {N3653},
  author = {Ville Voutilainen and Richard Smith},
  title = {{Member initializers and aggregates}},
  howpublished = {\url{http://www.open-std.org/jtc1/sc22/wg21/docs/papers/2013/n3653.html}},
  year = "2013 (accessed 2018-06-08)"
}
@misc{N3605,
  key = {N3605},
  author = {Ville Voutilainen},
  title = {{Member initializers and aggregates}},
  howpublished = {\url{http://www.open-std.org/jtc1/sc22/wg21/docs/papers/2013/n3605.html}},
  year = "2013 (accessed 2018-06-08)"
}
@misc{N2346,
  key = {N2346},
  author = {Lawrence Crowl},
  title = {{Defaulted and Deleted Functions}},
  howpublished = {\url{http://www.open-std.org/jtc1/sc22/wg21/docs/papers/2007/n2346.htm}},
  year = "2007 (accessed 2018-06-08)"
}
@misc{CWG886,
  key = {CWG886},
  author = {Daniel Kr\"ugler},
  title = {{Core Issue 886: Member initializers and aggregates}},
  howpublished = {\url{http://www.open-std.org/jtc1/sc22/wg21/docs/cwg_defects.html#886}},
  year = "2009 (accessed 2018-06-08)"
}
@misc{CWG1355,
  key = {CWG1355},
  author = {Sean Hunt},
  title = {{Core Issue 1355: Aggregates and ``user-provided'' constructors}},
  howpublished = {\url{http://www.open-std.org/jtc1/sc22/wg21/docs/cwg_defects.html#1355}},
  year = "2011 (accessed 2018-06-08)"
}
@misc{CWG1578,
  key = {CWG1578},
  author = {Alisdair Meredith},
  title = {{Core Issue 1578: Value-initialization of aggregates}},
  howpublished = {\url{http://www.open-std.org/jtc1/sc22/wg21/docs/cwg_closed.html#1578}},
  year = "2012 (accessed 2018-06-08)"
}
@misc{CWG1301,
  key = {CWG1301},
  author = {Jason Merrill},
  title = {{Core Issue 1301: Value initialization of union}},
  howpublished = {\url{http://www.open-std.org/jtc1/sc22/wg21/docs/cwg_defects.html#1301}},
  year = "2011 (accessed 2018-06-08)"
}
@misc{CWG2467,
  key = {CWG2467},
  author = {Richard Smith},
  title = {{Core Issue 2467: CTAD for alias templates and the deducible check}},
  howpublished = {\url{https://www.open-std.org/jtc1/sc22/wg21/docs/cwg_active.html#2467}},
  year = "2019-08-12 (accessed 2022-05-20)"
}
@misc{CWG1314,
  key = {CWG1314},
  author = {Nikolay Ivchenkov},
  title = {{Core Issue 1314: Pointer arithmetic within standard-layout objects}},
  howpublished = {\url{https://www.open-std.org/jtc1/sc22/wg21/docs/cwg_closed.html#1314}},
  year = "2011-05-06"
}

@misc{P0965,
  key = {P0965},
  author = {Ville Voutilainen},
  title = {{Initializers of objects with automatic and dynamic storage duration have funny inconsistencies}},
  howpublished = {\url{http://www.open-std.org/jtc1/sc22/wg21/docs/papers/2018/p0965r0.html}},
  year = "2018-02-12"
}

@misc{P1061R0,
  key = {P1061},
  author = {Barry Revzin and Jonathan Wakely},
  title = {{Structured Bindings can introduce a Pack}},
  howpublished = {\url{http://open-std.org/JTC1/SC22/WG21/docs/papers/2018/p1061r0.html}},
  year = "2018"
}
@misc{P1091R0,
  key = {P1091},
  author = {Nicolas Lesser},
  title = {{Extending structured bindings to be more like variable declarations}},
  howpublished = {\url{http://open-std.org/JTC1/SC22/WG21/docs/papers/2018/p1091r0.html}},
  year = "2018"
}
@misc{P0144R2,
  key = {P0144},
  author = {Herb Sutter and Bjarne Stroustrup and Gabriel Dos Reis},
  title = {{Structured bindings}},
  howpublished = {\url{http://www.open-std.org/jtc1/sc22/wg21/docs/papers/2016/p0144r2.pdf}},
  year = "2016"
}



@misc{Smith2019,
  key = {Smith2019},
  author = {Richard Smith},
  title = {{Working Draft, Standard for Programming Language C++}},
  howpublished = {\url{https://github.com/cplusplus/draft}},
  year = "2019-05-24"
}
@misc{Regehr2014,
  key = {Regehr2014},
  author = {{John Regehr}},
  title = {{Assertions Are Pessimistic, Assumptions Are Optimistic}},
  howpublished = {\url{https://blog.regehr.org/archives/1096}},
  year = "2014-02-05"
}
@misc{N4425,
  key = {N4425},
  author = {Hal Finkel},
  title = {{Generalized Dynamic Assumptions}},
  howpublished = {\url{http://www.open-std.org/jtc1/sc22/wg21/docs/papers/2015/n4425.pdf}},
  year = "2015­-04-­07"
}
@misc{P0627R3,
  key = {P0627R3},
  author = {Melissa Mears},
  title = {{Function to mark unreachable code}},
  howpublished = {\url{http://www.open-std.org/jtc1/sc22/wg21/docs/papers/2018/p1007r3.pdf}},
  year = "2018-10-08"
}

@misc{P1007R3,
  key = {P1007R3},
  author = {{Timur Doumler} and {Chandler Carruth}},
  title = {{std::assume_aligned}},
  howpublished = {\url{http://www.open-std.org/jtc1/sc22/wg21/docs/papers/2018/p1007r3.pdf}},
  year = "2018-11-07"
}
@misc{P0479R5,
  key = {P0479R5},
  author = {Clay Trychta},
  title = {{Proposed wording for likely and unlikely attributes (Revision 5)}},
  howpublished = {\url{http://www.open-std.org/jtc1/sc22/wg21/docs/papers/2018/p0479r5.html}},
  year = "2018-03-16"
}
@misc{P1607R0,
  key = {P1607R0},
  author = {{Joshua Berne} and {Jeff Snyder} and {Ryan McDougall}},
  title = {{Minimizing Contracts}},
  howpublished = {\url{http://www.open-std.org/jtc1/sc22/wg21/docs/papers/2019/p1607r0.pdf}},
  year = "2019-03-10"
}
@misc{P1429R2,
  key = {P1429R2},
  author = {{Joshua Berne} and {John Lakos}},
  title = {{Contracts That Work}},
  howpublished = {\url{http://www.open-std.org/jtc1/sc22/wg21/docs/papers/2019/p1429r2.pdf}},
  year = "2019-06-14"
}
@misc{P0681R0,
  key = {P0681R0},
  author = {{Lisa Lippincott}},
  title = {{Precise Semantics for Assertions}},
  howpublished = {\url{http://www.open-std.org/jtc1/sc22/wg21/docs/papers/2017/p0681r0.pdf}},
  year = "2017-06-16"
}
@misc{P1773R0,
  key = {P1773R0},
  author = {{Timur Doumler}},
  title = {{Contracts have failed to provide a portable ``assume''}},
  howpublished = {\url{http://www.open-std.org/jtc1/sc22/wg21/docs/papers/2019/p1773r0.pdf}},
  year = "2019-06-17"
}
@misc{P1774R0,
  key = {P1774R0},
  author = {{Timur Doumler}},
  title = {{Portable optimisation hints}},
  howpublished = {\url{http://www.open-std.org/jtc1/sc22/wg21/docs/papers/2017/p1774r0.pdf}},
  year = "2019-06-17"
}
@misc{P1774R6,
  key = {P1774R6},
  author = {{Timur Doumler}},
  title = {{Portable assumptions}},
  howpublished = {\url{http://www.open-std.org/jtc1/sc22/wg21/docs/papers/2022/p1774r6.pdf}},
  year = "2022-02-15"
}

@misc{P1774R8,
  key = {P1774R8},
  author = {{Timur Doumler}},
  title = {{Portable assumptions}},
  howpublished = {\url{https://www.open-std.org/jtc1/sc22/wg21/docs/papers/2022/p1774r8.pdf}},
  year = "2022-06-14"
}

@misc{P0476R2,
  key = {P0476R2},
  author = {{JF Bastien}},
  title = {{Bit-casting object representations}},
  howpublished = {\url{http://www.open-std.org/jtc1/sc22/wg21/docs/papers/2018/p0476r2.html}},
  year = "2017-11-10"
}
@misc{P0593R4,
  key = {P0593R4},
  author = {{Richard Smith}},
  title = {{Implicit creation of objects for low-level object manipulation}},
  howpublished = {\url{http://www.open-std.org/jtc1/sc22/wg21/docs/papers/2019/p0593r4.html}},
  year = "2019-06-16"
}
@misc{P0593R5,
  key = {P0593R5},
  author = {{Richard Smith}},
  title = {{Implicit creation of objects for low-level object manipulation}},
  howpublished = {\url{https://www.open-std.org/jtc1/sc22/wg21/docs/papers/2019/p0593r5.html}},
  year = "2019-10-06"
}
@misc{P0593R6,
  key = {P0593R6},
  author = {{Richard Smith}},
  title = {{Implicit creation of objects for low-level object manipulation}},
  howpublished = {\url{https://www.open-std.org/jtc1/sc22/wg21/docs/papers/2020/p0593r6.html}},
  year = "2020-02-14"
}
@misc{P1839R0,
  key = {P1839R0},
  author = {{Krystian Stasiowski}},
  title = {{Accessing Object Representations}},
  howpublished = {\url{http://www.open-std.org/jtc1/sc22/wg21/docs/papers/2019/p1839r0.pdf}},
  year = "2019-07-30"
}


@misc{N4820,
  key = {N4820},
  author = {Richard Smith},
  title = {{Working Draft, Standard for Programming Language C++}},
  howpublished = {\url{http://www.open-std.org/jtc1/sc22/wg21/docs/papers/2019/n4820.pdf}},
  year = "2019-06-17"
}
@misc{P1021R4,
  key = {P1021R4},
  author = {{Mike Spertus} and {Timur Doumler} and {Richard Smith}},
  title = {{Filling holes in Class Template Argument Deduction}},
  howpublished = {\url{http://www.open-std.org/jtc1/sc22/wg21/docs/papers/2019/p1021r4.html}},
  year = "2019-06-17"
}

@misc{P1021R5,
  key = {P1021R5},
  author = {{Mike Spertus} and {Timur Doumler} and {Richard Smith}},
  title = {{Filling holes in Class Template Argument Deduction}},
  howpublished = {\url{http://www.open-std.org/jtc1/sc22/wg21/docs/papers/2019/p1021r5.html}},
  year = "2019-08-15"
}
@misc{P1021R6,
  key = {P1021R6},
  author = {{Mike Spertus} and {Timur Doumler} and {Richard Smith}},
  title = {{Filling holes in Class Template Argument Deduction}},
  howpublished = {\url{http://www.open-std.org/jtc1/sc22/wg21/docs/papers/2022/p1021r6.html}},
  year = "2022-05-15"
}

@misc{P1816R0,
  key = {P1816R0},
  author = {{Timur Doumler}},
  title = {{Wording for class template argument deduction for aggregates}},
  howpublished = {\url{http://www.open-std.org/jtc1/sc22/wg21/docs/papers/2019/p1816r0.pdf}},
  year = "2019-07-70"
}




@misc{N4849,
  key = {N4849},
  author = {Richard Smith},
  title = {{Working Draft, Standard for Programming Language C++}},
  howpublished = {\url{http://www.open-std.org/jtc1/sc22/wg21/docs/papers/2020/n4849.pdf}},
  year = "2020-01-14"
}


@misc{P2064R0,
  key = {P2064R0},
  author = {Herb Sutter},
  title = {{Assumptions}},
  howpublished = {\url{http://www.open-std.org/jtc1/sc22/wg21/docs/papers/2020/p2064r0.pdf}},
  year = "2020-01-13"
}
@misc{P0627R6,
  key = {P0627R6},
  author = {{Melissa Mears} and {Jens Maurer}},
  title = {{Function to mark unreachable code}},
  howpublished = {\url{http://www.open-std.org/jtc1/sc22/wg21/docs/papers/2021/p0627r6.pdf}},
  year = "2021-10-15"
}
@misc{N4892,
  key = {N4892},
  author = {Thomas K\" oppe},
  title = {{Working Draft, Standard for Programming Language C++}},
  howpublished = {\url{http://www.open-std.org/jtc1/sc22/wg21/docs/papers/2021/n4892.pdf}},
  year = "2021-06-18"
}
@misc{N4910,
  key = {N4910},
  author = {Thomas K\" oppe},
  title = {{Working Draft, Standard for Programming Language C++}},
  howpublished = {\url{http://www.open-std.org/jtc1/sc22/wg21/docs/papers/2022/n4910.pdf}},
  year = "2022-03-17"
}
@misc{P2358R0,
  key = {P2358R0},
  author = {{Ga{\v s}per A{\v z}man} and {John McFarlane} and {Bronek Kozicki}},
  title = {{Defining contracts}},
  howpublished = {\url{http://www.open-std.org/jtc1/sc22/wg21/docs/papers/2021/p2358r0.pdf}},
  year = "2020-01-14"
}
@misc{P2388R4,
  key = {P2388R4},
  author = {{Andrzej Krzemie\' nski} and {Ga{\v s}per A{\v z}man}},
  title = {{Minimum Contract Support: either \emph{No_eval} or \emph{Eval_and_abort}
 contracts}},
  howpublished = {\url{http://www.open-std.org/jtc1/sc22/wg21/docs/papers/2021/p2388r4.html}},
  year = "2021-11-15"
}
@misc{P2487R0,
  key = {P2487R0},
  author = {{Andrzej Krzemie\' nski}},
  title = {{Attribute-like syntax for contract annotations}},
  howpublished = {\url{http://www.open-std.org/jtc1/sc22/wg21/docs/papers/2021/p2487r0.html}},
  year = "2021-11-12"
}
@misc{P2461R1,
  key = {P2461R1},
  author = {{Ga{\v s}per A{\v z}man} and {Caleb Sunstrum} and {Bronek Kozicki}},
  title = {{Closure-Based Syntax for Contracts}},
  howpublished = {\url{http://www.open-std.org/jtc1/sc22/wg21/docs/papers/2021/p2461r1.pdf}},
  year = "2021-11-15"
}
@misc{Amini2021,
  key = {Amini2021},
  author = {{Parsa Amini}},
  title = {{Asserting Your Way To Faster Programs}},
  howpublished = {CppCon talk},
  year = "2021-10-28"
}

@misc{P1144R5,
  key = {P1144R5},
  author = {{Arthur O'Dwyer}},
  title = {{Object relocation in terms of move plus destroy}},
  howpublished = {\url{http://www.open-std.org/jtc1/sc22/wg21/docs/papers/2020/p1144r5.html}},
  year = "2020-03-01"
}
@misc{OpenMP5.1,
  key = {OpenMP5.1},
  title = {{OpenMP Application Programming Interface, Version 5.1}},
  howpublished = {\url{https://www.openmp.org/wp-content/uploads/OpenMP-API-Specification-5-1.pdf}},
  year = "2020-11"
}

@misc{P2507R1,
  key = {P2507R1},
  author = {{Peter Brett}},
  title = {{Limit \tcode{[[assume]]} to conditional-expressions}},
  howpublished = {\url{http://www.open-std.org/jtc1/sc22/wg21/docs/papers/2022/p2507r1.pdf}},
  year = "2021-12-15"
}

@misc{P2552R0,
  key = {P2552R0},
  author = {{Timur Doumler}},
  title = {{On the ignorability of standard attributes}},
  howpublished = {\url{http://www.open-std.org/jtc1/sc22/wg21/docs/papers/2022/p2552r0.pdf}},
  year = "2022-02-15"
}
@misc{P2590R2,
  key = {P2590R2},
  author = {{Timur Doumler} and {Richard Smith}},
  title = {{Explicit lifetime management}},
  howpublished = {\url{https://www.open-std.org/jtc1/sc22/wg21/docs/papers/2022/p2590r2.pdf}},
  year = "2022-07-15"
}

@misc{P1018R15,
  key = {P1018R15},
  author = {{JF Bastien}},
  title = {{C++ Language Evolution status pandemic edition 2022/01–2022/02}},
  howpublished = {\url{http://www.open-std.org/jtc1/sc22/wg21/docs/papers/2022/p1018r15.html}},
  year = "2022-02-15"
}

@misc{P1018R17,
  key = {P1018R17},
  author = {{JF Bastien}},
  title = {{C++ Language Evolution status pandemic edition 2022/06–2022/07}},
  howpublished = {\url{https://www.open-std.org/jtc1/sc22/wg21/docs/papers/2022/p1018r17.html}},
  year = "2022-07-10"
}

@misc{N2761,
  key = {N2761},
  author = {{Jens Maurer} and {Michael Wong}},
  title = {{Towards support for attributes in C++ (Revision 6)}},
  howpublished = {\url{http://www.open-std.org/jtc1/sc22/wg21/docs/papers/2008/n2761.pdf}},
  year = "2008-09-18"
}
@misc{N3190,
  key = {N3190},
  author = {{Lawrence Crowl} and {Daveed Vandevoorde}},
  title = {{C and C++ Alignment Compatibility}},
  howpublished = {\url{http://www.open-std.org/jtc1/sc22/wg21/docs/papers/2010/n3190.htm}},
  year = "2008-09-18"
}

@misc{CWG2538,
  key = {CWG2538},
  author = {{Jens Maurer}},
  title = {{Core issue 2538. Can standard attributes be syntactically ignored?}},
  howpublished = {\url{https://cplusplus.github.io/CWG/issues/2538.html}},
  year = "2022-03-26"
}

@misc{P1945R0,
  key = {P1945R0},
  author = {{Krystian Stasiowski}},
  title = {{Making More Objects Contiguous}},
  howpublished = {\url{https://www.open-std.org/jtc1/sc22/wg21/docs/papers/2020/p1945r0.pdf}},
  year = "2019-10-28"
}

@misc{P0137R1,
  key = {P0137R1},
  author = {{Richard Smith}},
  title = {{Core Issue 1776: Replacement of class objects containing reference members}},
  howpublished = {\url{https://www.open-std.org/jtc1/sc22/wg21/docs/papers/2016/p0137r1.html}},
  year = "2019-10-28"
}
@misc{P1010R1,
  key = {P1010R1},
  author = {{Mark Zeren} and {Chris Kennelly}},
  title = {{Container support for implicit lifetime types}},
  howpublished = {\url{https://www.open-std.org/jtc1/sc22/wg21/docs/papers/2018/p1010r1.html}},
  year = "2018-10-08"
}
@misc{CWG2605,
  key = {CWG2605},
  author = {{Davis Herring}},
  title = {{Core Issue 2605: Implicit-lifetime aggregates}},
  howpublished = {\url{https://www.open-std.org/jtc1/sc22/wg21/docs/cwg_active.html#2605}},
  year = "2022-06-27"
}
@misc{P2521R2,
  key = {P2521R2},
  author = {{Ga\v sper A\v zan} and {Joshua Berne} and {Bronek Kozicki} and {Andrzej Krzemie\' nski} and {Ryan McDougall} and {Caleb Sunstrum}},
  title = {{Contract support -- Working paper}},
  howpublished = {\url{https://www.open-std.org/jtc1/sc22/wg21/docs/papers/2022/p2521r2.html}},
  year = "2022-03-15"
}
@misc{CWG2118,
  key = {CWG2118},
  author = {{Richard Smith}},
  title = {{Core Issue 2118: Stateful metaprogramming via friend injection}},
  howpublished = {\url{https://cplusplus.github.io/CWG/issues/2118.html}},
  year = "2022-06-27"
}
@misc{P2679R0,
  key = {P2679R0},
  author = {{Timur Doumler} and {Arthur O'Dwyer} and {Richard Smith}},
  title = {{Fixing \tcode{std::start_lifetime_as} for arrays}},
  howpublished = {\url{https://www.open-std.org/jtc1/sc22/wg21/docs/papers/2022/p2679r0.pdf}},
  year = "2022-10-15"
}
@misc{P2148R0,
  key = {P2148R0},
  author = {{CJ Johnson} and {Bryce Adelstein Lelbach}},
  title = {{Library Evolution Design Guidelines}},
  howpublished = {\url{https://www.open-std.org/jtc1/sc22/wg21/docs/papers/2020/p2148r0.pdf}},
  year = "2020-09-23"
}
@misc{N3248,
  key = {N3248},
  author = {{Alisdair Meredith} and {John Lakos}},
  title = {{\tcode{noexcept} Prevents Library Validation}},
  howpublished = {\url{https://www.open-std.org/jtc1/sc22/wg21/docs/papers/2011/n3248.pdf}},
  year = "2011-02-28"
}
@misc{N3279,
  key = {N3279},
  author = {{Alisdair Meredith} and {John Lakos}},
  title = {{Conservative use of \tcode{noexcept} in the Library}},
  howpublished = {\url{https://www.open-std.org/jtc1/sc22/wg21/docs/papers/2011/n3279.pdf}},
  year = "2011-03-25"
}
@misc{O'Dwyer2018,
  key = {O'Dwyer2018},
  author = {Arthur O'Dwyer},
  title = {{The Lakos Rule}},
  howpublished = {\url{https://quuxplusone.github.io/blog/2018/04/25/the-lakos-rule/}},
  year = "2018-04-25"
}
@misc{P0884R0,
  key = {P0884R0},
  author = {Nicolai Josuttis},
  title = {{Extending the noexcept Policy, Rev0}},
  howpublished = {\url{https://www.open-std.org/jtc1/sc22/wg21/docs/papers/2018/p0884r0.pdf}},
  year = "2018-02-10"
}
@misc{P1656R2,
  key = {P1656R2},
  author = {Agust\'in Berg\'e},
  title = {{``Throws: Nothing'' should be \tcode{noexcept}}},
  howpublished = {\url{https://www.open-std.org/jtc1/sc22/wg21/docs/papers/2020/p1656r2.html}},
  year = "2020-02-11"
}
@misc{P2514R0,
  key = {P2514R0},
  author = {{Ren\'e Ferdinand Rivera Morell} and {Isabella Muerte}},
  title = {{\tcode{std::breakpoint}}},
  howpublished = {\url{https://www.open-std.org/jtc1/sc22/wg21/docs/papers/2022/p2514r0.html}},
  year = "2021-12-30"
}
@misc{P2695R1,
  key = {P2695R1},
  author = {{Timur Doumler} and {John Spicer}},
  title = {{A proposed plan for Contracts in C++}},
  howpublished = {\url{https://www.open-std.org/jtc1/sc22/wg21/docs/papers/2023/p2695r1.pdf}},
  year = "2023-02-09"
}
@misc{P2521R3,
  key = {P2521R3},
  author = {{Ga\v sper A\v zman} and {Joshua Berne} and {Bronek Kozicki} and {Andrzej Krzemie\' nski} and {Ryan McDougall} and {Caleb Sunstrum}},
  title = {{Contract support -- Record of SG21 consensus}},
  howpublished = {\url{https://www.open-std.org/jtc1/sc22/wg21/docs/papers/2023/p2521r3.html}},
  year = "2023-02-10"
}
@misc{P2698R0,
  key = {P2698R0},
  author = {{Bjarne Stroustrup}},
  title = {{Unconditional termination is a serious problem}},
  howpublished = {\url{https://www.open-std.org/jtc1/sc22/wg21/docs/papers/2022/p2698r0.pdf}},
  year = "2022-11-18"
}
@misc{P2811R3,
  key = {P2811R3},
  author = {{Joshua Berne}},
  title = {{Contract-violation handlers}},
  howpublished = {\url{https://isocpp.org/files/papers/P2811R3.pdf}},
  year = "2023-05-04"
}
@misc{P2780R0,
  key = {P2780R0},
  author = {{Ville Voutilainen}},
  title = {{Caller-side precondition checking, and Eval_and_throw
}},
  howpublished = {\url{https://www.open-std.org/jtc1/sc22/wg21/docs/papers/2023/p2780r0.html}},
  year = "2023-03-02"
}
@misc{P2784R0,
  key = {P2784R0},
  author = {{Andrzej Krzemie\' nski}},
  title = {{Not halting the program after detected contract violation}},
  howpublished = {\url{https://www.open-std.org/jtc1/sc22/wg21/docs/papers/2023/p2784r0.html}},
  year = "2023-02-09"
}
@misc{MSVCDocLongjmp,
  key = {MSVCDocLongjmp},
  title = {{Microsoft Visual Studio 2022 Documentation --- \tcode{longjmp}}},
  howpublished = {\url{https://learn.microsoft.com/en-us/cpp/c-runtime-library/reference/longjmp?view=msvc-170}},
  year = "2022-02-12"
}
@misc{GTestDocDeathTests,
  key = {GTestDocDeathTests},
  title = {{Advanced GoogleTest Topics
 --- Death Tests}},
  howpublished = {\url{https://github.com/google/googletest/blob/main/docs/advanced.md#death-tests}},
  year = "2023-03-24"
}
@misc{LLVMReviewD59166,
  key = {LLVMReviewD59166},
  title = {{Remove exception throwing debug mode handler support}},
  howpublished = {\url{https://reviews.llvm.org/D59166}},
  year = "2019-03-08"
}
@misc{EMC++S,
  key = {EMC++S},
  author = {{John Lakos} and {Vittorio Romeo} and {Rostislav Khlebnikov} and {Alisdair Meredith}},
  title = {{Embracing Modern C++ Safely}},
  year = "2021",
  howpublished = {Addison-Wesley}
}
@misc{Mortoray2013,
  key = {Mortoray2013},
  author = {{Edaqa Mortoray}},
  title = {{The true cost of zero cost exceptions}},
  howpublished = {\url{https://mortoray.com/2013/09/12/the-true-cost-of-zero-cost-exceptions/}},
  year = "2013-09-12"
}
@misc{Mahaffey2017,
  key = {Mahaffey2017},
  author = {{Terry Mahaffey}},
  title = {{Please, Please Help the Compiler}},
  howpublished = {\url{https://github.com/TriangleCppDevelopersGroup/TerryMahaffeyCppTalk}},
  year = "2017-12-09",
}
@misc{Dekker2019,
  key = {Dekker2019},
  author = {{Niels Dekker}},
  title = {{\tcode{noexcept} considered harmful}},
  howpublished = {\url{https://www.youtube.com/watch?v=dVRLp-Rwg0k}},
  year = "CppOnSea 2019",
}
@misc{TR18015,
  key = {TR18015},
  title = {{Technical Report on C++ Performance}},
  howpublished = {\url{https://www.open-std.org/jtc1/sc22/wg21/docs/TR18015.pdf}},
  year = "2006-02-15"
}
@misc{P2852R0,
  key = {P2852R0},
  author = {{Tom Honermann}},
  title = {{Contract violation handling semantics for the contracts MVP}},
  howpublished = {\url{https://www.open-std.org/jtc1/sc22/wg21/docs/papers/2023/P2852R0.html}},
  year = "2023-04-24"
}
@misc{P2834R0,
  key = {P2834R0},
  author = {{Joshua Berne} and {John Lakos}},
  title = {{Semantic Stability Across Contract-Checking Build Modes}},
  howpublished = {\url{https://isocpp.org/files/papers/P2834R0.pdf}},
  year = "2023-05-08"
}
@misc{P1705R1,
  key = {P1705R1},
  author = {{Shafik Yaghmour}},
  title = {{Enumerating Core Undefined Behavior}},
  howpublished = {\url{https://www.open-std.org/jtc1/sc22/wg21/docs/papers/2019/p1705r1.html}},
  year = "2019-09-28"
}

